<record><leader>00000cas a22000007a 4500</leader><controlfield tag="001">24336373</controlfield><controlfield tag="008">910905d19621964nhuwn ne      0    0eng d</controlfield><datafield ind1=" " ind2=" " tag="010"><subfield code="a">sn 91063232 </subfield></datafield><datafield ind1=" " ind2=" " tag="040"><subfield code="a">NVH</subfield><subfield code="b">eng</subfield><subfield code="c">NVH</subfield><subfield code="d">OCLCQ</subfield></datafield><datafield ind1=" " ind2=" " tag="042"><subfield code="a">msc</subfield></datafield><datafield ind1="0" ind2="0" tag="245"><subfield code="a">Eastern Slope signal.</subfield></datafield><datafield ind1=" " ind2=" " tag="260"><subfield code="a">Conway, N.H. :</subfield><subfield code="b">Radio Station WBNC</subfield></datafield><datafield ind1=" " ind2=" " tag="300"><subfield code="a">v.</subfield></datafield><datafield ind1=" " ind2=" " tag="310"><subfield code="a">Weekly (Dec.-Mar.)</subfield></datafield><datafield ind1="0" ind2=" " tag="362"><subfield code="a">Vol. 1, no. 1 (Dec. 29, 1962)-v. 2, no. 11 (Mar. 7, 1964).</subfield></datafield><datafield ind1=" " ind2=" " tag="500"><subfield code="a">Published during ski season only.</subfield></datafield><datafield ind1=" " ind2=" " tag="752"><subfield code="a">United States</subfield><subfield code="b">New Hampshire</subfield><subfield code="c">Carroll</subfield><subfield code="d">Conway.</subfield></datafield><datafield ind1="0" ind2="0" tag="785"><subfield code="t">Eastern slope and Mt. Washington Valley signal</subfield><subfield code="w">(DLC)sn 91063272</subfield></datafield></record>